<record xmlns="http://www.loc.gov/MARC21/slim" xmlns:xsi="http://www.w3.org/2001/XMLSchema-instance" xsi:schemaLocation="http://www.loc.gov/MARC21/slim http://www.loc.gov/standards/marcxml/schema/MARC21slim.xsd">

  <leader>00454nam a2200145Ia 4500</leader>
  <datafield ind2=" " tag="999" ind1=" ">
    <subfield code="c">2351</subfield>
    <subfield code="d">2351</subfield>
  </datafield>
  <controlfield tag="008">180911b2001    cr ||||| |||| 00| | spa d</controlfield>
  <datafield tag="090" ind1=" " ind2=" ">
    <subfield code="a">19.02.07  </subfield>
    <subfield code="b">306</subfield>
  </datafield>
  <datafield ind2=" " ind1=" " tag="110">
    <subfield code="a">ASHOKA</subfield>
  </datafield>
  <datafield ind1="1" tag="245" ind2="0">
    <subfield code="a">Iniciativa de aprendizaje innovador : Directorio de asociados </subfield>
  </datafield>
  <datafield tag="260" ind1=" " ind2=" ">
    <subfield code="a">[Lugar de publicación no identifiado] : </subfield>
    <subfield code="b">[Editor no identifiado], </subfield>
    <subfield code="c">2001</subfield>
  </datafield>
  <datafield tag="300" ind1=" " ind2=" ">
    <subfield code="a">ca. 200 páginas</subfield>
  </datafield>
  <datafield ind2="4" ind1="1" tag="650">
    <subfield code="a">APRENDIZAJE </subfield>
    <subfield code="9">387</subfield>
  </datafield>
  <datafield ind1="1" tag="650" ind2="4">
    <subfield code="a">DIRECTORIOS</subfield>
    <subfield code="9">2789</subfield>
  </datafield>
  <datafield ind2=" " ind1=" " tag="942">
    <subfield code="2">z</subfield>
    <subfield code="c">01</subfield>
  </datafield>
</record>